<?xml version="1.0" encoding="UTF-8"?><collection xmlns="http://www.loc.gov/MARC21/slim"><record><leader>00379nam--2200133-i-4500</leader><controlfield tag="001">000009133</controlfield><controlfield tag="002">20161230</controlfield><controlfield tag="005">20161230201028</controlfield><controlfield tag="008">060222s1000------------r-----000-0-eng-d</controlfield><datafield ind1=" " ind2=" " tag="080"><subfield code="a">532.5:536</subfield></datafield><datafield ind1=" " ind2=" " tag="100"><subfield code="a">Benedict, Robert P</subfield></datafield><datafield ind1=" " ind2=" " tag="245"><subfield code="a">Fundamentals of temperature, pressure, and flo w measurements</subfield></datafield><datafield ind1=" " ind2=" " tag="260"><subfield code="a">New York, John Wiley 7 Sons, Inc., 1969. Xiv + 353 P</subfield></datafield><datafield ind1=" " ind2=" " tag="852"><subfield code="a">32171</subfield></datafield></record></collection>